00100000         2032079100001380022198230014       0810270000000001481 SOCIEDADE PIAUIENSE DE ENSINO BANCO DO BRASIL                         20505201402535700151703000000910428608PROCESSAMEN                                                 
00100011T0100020 20032079100001380022198230014       0810270000000001481 SOCIEDADE PIAUIENSE DE ENSINO                                                                                 000000000505201400000000  000000000                      
0010001300001T 060810270000000001481 22198230114003840   2S/N            05052014000000000084784341084590221982301140038400       0900000000000010000000000000000000000000000000000000000   000000000000000000000000000        170192219823     
0010001300002U 060000000000000000000000000038150000000000000000000000000000000000000000809690000000000809690000000000000000000000000000000505201406052014            000000000000000                              000                           
0010001300003T 060810270000000001481 22198230114004538   2S/N            05052014000000000073400001047082221982301140045384       0900000000000010000000000000000000000000000000000000000   000000000000000000000000000        170192219823     
0010001300004U 060000000000000000000000000033030000000000000000000000000000000000000000700970000000000700970000000000000000000000000000000505201406052014            000000000000000                              000                           
0010001300005T 060810270000000001481 22198230114004556   2S/N            05052014000000000009547001001066221982301140045562       0900000000000010000000000000000000000000000000000000000   000000000000000000000000000        170192219823     
0010001300006U 060000000000000000000000000009550000000000000000000000000000000000000000085920000000000085920000000000000000000000000000000505201406052014            000000000000000                              000                           
0010001300007T 060810270000000001481 22198230114004655   2S/N            05052014000000000002302001010456221982301140046550       0900000000000010000000000000000000000000000000000000000   000000000000000000000000000        170192219823     
0010001300008U 060000000000000000000000000000000000000000000000000000000000000000000000023020000000000023020000000000000000000000000000000505201406052014            000000000000000                              000                           
0010001300009T 060810270000000001481 22198230114004706   2S/N            05052014000000000042436104007650221982301140047069       0900000000000010000000000000000000000000000000000000000   000000000000000000000000000        170192219823     
0010001300010U 060000000000000000000000000019100000000000000000000000000000000000000000405260000000000405260000000000000000000000000000000505201406052014            000000000000000                              000                           
0010001300011T 060810270000000001481 22198230114004793   2S/N            05052014000000000021942001006033221982301140047930       0900000000000010000000000000000000000000000000000000000   000000000000000000000000000        170192219823     
0010001300012U 060000000000000000000000000009870000000000000000000000000000000000000000209550000000000209550000000000000000000000000000000505201406052014            000000000000000                              000                           
0010001300013T 060810270000000001481 22198230114005042   2S/N            10032014000000000080219001081027221982301140050426       0900000000000010000000000000000000000000000000000000000   000000000000000000000000000        170192219823     
0010001300014U 060000000000031160000000000000000000000000000000000000000000000000000000833350000000000833350000000000000000000000000000000505201406052014            000000000000000                              000                           
0010001300015T 060810270000000001481 22198230114005082   2S/N            05032014000000000099521001001066221982301140050825       0900000000000010000000000000000000000000000000000000000   000000000000000000000000000        170192219823     
0010001300016U 060000000000040030000000000000000000000000000000000000000000000000000001035240000000001035240000000000000000000000000000000505201406052014            000000000000000                              000                           
0010001300017T 060810270000000001481 22198230114005117   2S/N            05052014000000000059762001008958221982301140051171       0900000000000010000000000000000000000000000000000000000   000000000000000000000000000        170192219823     
0010001300018U 060000000000000000000000000026890000000000000000000000000000000000000000570730000000000570730000000000000000000000000000000505201406052014            000000000000000                              000                           
0010001300019T 170810270000000001481 22198230114005180   7               00000000000000000080219001083976                         0900000000000010000000000000000000000000000000000000000   000000000000000000000021203        170192219823     
0010001300020U 170000000000000000000000000056150000000000000000000000000000000000000000746040000000000743920000000000000000000000000000000505201406052014            000000000000000                              000                           
00100015         004664000000000000000000000000021570000000014102050200000000000000000000000000000000000000000000000000000000000000000000000000000                                                                                              
00199999         000001004666000000                                                                                                                                                            00000000000000000000000000000                    
