00100000         2032079100001380022198230014       0810270000000001481 SOCIEDADE PIAUIENSE DE ENSINO BANCO DO BRASIL                         20505201402535700151703000000910428608PROCESSAMEN                                                 
00100011T0100020 20032079100001380022198230014       0810270000000001481 SOCIEDADE PIAUIENSE DE ENSINO                                                                                 000000000505201400000000  000000000                      
0010001300001T 060810270000000001481 26533010115000001   2S/N            05052014000000000084784341084590221982301140038400       0900000000000010000000000000000000000000000000000000000   000000000000000000000000000        170192219823     
0010001300002U 060000000000000000000000000038150000000000000000000000000000000000000000809690000000000809690000000000000000000000000000000505201406052014            000000000000000                              000                           
                              000                           
00100015         004664000000000000000000000000021570000000014102050200000000000000000000000000000000000000000000000000000000000000000000000000000                                                                                              
00199999         000001004666000000                                                                                                                                                            00000000000000000000000000000                    
