00100000         2116001370001010026533010014       0810270000000001481 MARIA EUNICE COSTA DOS SANTOS BANCO DO BRASIL                         21603201502072100033403000000446662007PROCESSAMEN                                                 
00100011T0100020 20116001370001010026533010014       0810270000000001481 MARIA EUNICE COSTA DOS SANTOS                                                                                 000000001603201500000000  000000000                      
0010001300001T 060810270000000001481 26533010000001131   700118/05       1002201500000000002600000108387900118                    0900000000000010000000000000000000000000000000000000000   000000000000000000000035000        170192653301     
0010001300002U 060000000000019820000000000000000000000000000000000000000000000000000000279820000000000276320000000000000000000000000000001603201518032015            000000000000000                              000                           
0010001300003T 060810270000000001481 26533010000003432   700232/06       1503201500000000002600000101122300232                    0900000000000010000000000000000000000000000000000000000   000000000000000000000035000        170192653301     
0010001300004U 060000000000000000000000000000000000000000000000000000000000000000000000260000000000000256500000000000000000000000000000001603201518032015            000000000000000                              000                           
0010001300005T 060810270000000001481 26533010000007182   700311/05       2003201500000000002600010400855000311                    0900000000000010000000000000000000000000000000000000000   000000000000000000000035000        170192653301     
0010001300006U 060000000000000000000000000000000000000000000000000000000000000000000000260000000000000256500000000000000000000000000000001603201518032015            000000000000000                              000                           
0010001300007T 060810270000000001481 26533010000008181   700506/04       1503201500000000002600010403827000506                    0900000000000010000000000000000000000000000000000000000   000000000000000000000035000        170192653301     
0010001300008U 060000000000000000000000000000000000000000000000000000000000000000000000260000000000000256500000000000000000000000000000001603201518032015            000000000000000                              000                           
0010001300009T 060810270000000001481 26533010000008231   700506A/04      1503201500000000001300010403827000506A                   0900000000000010000000000000000000000000000000000000000   000000000000000000000035000        170192653301     
0010001300010U 060000000000000000000000000000000000000000000000000000000000000000000000130000000000000126500000000000000000000000000000001603201518032015            000000000000000                              000                           
0010001300011T 060810270000000001481 26533010000009780   700710/03       1503201500000000001300010403827000710                    0900000000000010000000000000000000000000000000000000000   000000000000000000000035000        170192653301     
0010001300012U 060000000000000000000000000000000000000000000000000000000000000000000000130000000000000126500000000000000000000000000000001603201518032015            000000000000000                              000                           
0010001300013T 170810270000000001481 26533010000010422   7               00000000000000000013000104019890                         0900000000000010000000000000000000000000000000000000000   000000000000000000000035003        170192653301     
0010001300014U 170000000000000000000000000000000000000000000000000000000000000000000000130000000000000126500000000000000000000000000000001603201518032015            000000000000000                              000                           
0010001300015T 170810270000000001481 26533010115000001   7               00000000000000000000500001032859                         0900000000000010000000000000000000000000000000000000000   000000000000000000000035003        170192653301     
0010001300016U 170000000000000000000000000000000000000000000000000000000000000000000000005000000000000001500000000000000000000000000000001603201518032015            000000000000000                              000                           
0010001300017T 090810270000000001481 26533010000000253   700105/03       1512201400000000001300000101122300105                    0900000000000000000000000000000000000000000000000000000   000000000000000000000026509        170192653301     
0010001300018U 090000000000000000000000000000000000000000000000000000000000000000000000000000000000000000000000000000000000000000000000001603201500000000            000000000000000                              000                           
0010001300019T 090810270000000001481 26533010000000403   700107/03       1512201400000000002600000101122300107                    0900000000000000000000000000000000000000000000000000000   000000000000000000000026509        170192653301     
0010001300020U 090000000000000000000000000000000000000000000000000000000000000000000000000000000000000000000000000000000000000000000000001603201500000000            000000000000000                              000                           
0010001300021T 090810270000000001481 26533010000000553   700109/03       1512201400000000001300000101122300109                    0900000000000000000000000000000000000000000000000000000   000000000000000000000026509        170192653301     
0010001300022U 090000000000000000000000000000000000000000000000000000000000000000000000000000000000000000000000000000000000000000000000001603201500000000            000000000000000                              000                           
0010001300023T 090810270000000001481 26533010000000778   700113/03       15122014000000000026000001011223000113                   0900000000000000000000000000000000000000000000000000000   000000000000000000000026509        170192653301     
0010001300024U 090000000000000000000000000000000000000000000000000000000000000000000000000000000000000000000000000000000000000000000000001603201500000000            000000000000000                              000                           
0010001300025T 090810270000000001481 26533010000000928   700115/03       16122014000000000013000001011223000115                   0900000000000000000000000000000000000000000000000000000   000000000000000000000026509        170192653301     
0010001300026U 090000000000000000000000000000000000000000000000000000000000000000000000000000000000000000000000000000000000000000000000001603201500000000            000000000000000                              000                           
0010001300027T 090810270000000001481 26533010000001529   700206/03       1512201400000000002600000103285900206                    0900000000000000000000000000000000000000000000000000000   000000000000000000000026509        170192653301     
0010001300028U 090000000000000000000000000000000000000000000000000000000000000000000000000000000000000000000000000000000000000000000000001603201500000000            000000000000000                              000                           
0010001300029T 090810270000000001481 26533010000001829   700210/03       1512201400000000002600000101122300210                    0900000000000000000000000000000000000000000000000000000   000000000000000000000026509        170192653301     
0010001300030U 090000000000000000000000000000000000000000000000000000000000000000000000000000000000000000000000000000000000000000000000001603201500000000            000000000000000                              000                           
0010001300031T 090810270000000001481 26533010000001879   700115B/03      1512201400000000001300000101122300115B                   0900000000000000000000000000000000000000000000000000000   000000000000000000000026509        170192653301     
0010001300032U 090000000000000000000000000000000000000000000000000000000000000000000000000000000000000000000000000000000000000000000000001603201500000000            000000000000000                              000                           
0010001300033T 090810270000000001481 26533010000003379   700231/03       1512201400000000001300000101122300231                    0900000000000000000000000000000000000000000000000000000   000000000000000000000026509        170192653301     
0010001300034U 090000000000000000000000000000000000000000000000000000000000000000000000000000000000000000000000000000000000000000000000001603201500000000            000000000000000                              000                           
0010001300035T 090810270000000001481 26533010000003679   700237/03       1512201400000000001300000101122300237                    0900000000000000000000000000000000000000000000000000000   000000000000000000000026509        170192653301     
0010001300036U 090000000000000000000000000000000000000000000000000000000000000000000000000000000000000000000000000000000000000000000000001603201500000000            000000000000000                              000                           
0010001300037T 090810270000000001481 26533010000004079   700243/03       1512201400000000002600000101122300243                    0900000000000000000000000000000000000000000000000000000   000000000000000000000026509        170192653301     
0010001300038U 090000000000000000000000000000000000000000000000000000000000000000000000000000000000000000000000000000000000000000000000001603201500000000            000000000000000                              000                           
0010001300039T 090810270000000001481 26533010000004129   700244/03       1512201400000000001300000101122300244                    0900000000000000000000000000000000000000000000000000000   000000000000000000000026509        170192653301     
0010001300040U 090000000000000000000000000000000000000000000000000000000000000000000000000000000000000000000000000000000000000000000000001603201500000000            000000000000000                              000                           
0010001300041T 090810270000000001481 26533010000004478   700302/02       1512201400000000001300000103285900302                    0900000000000000000000000000000000000000000000000000000   000000000000000000000026509        170192653301     
0010001300042U 090000000000000000000000000000000000000000000000000000000000000000000000000000000000000000000000000000000000000000000000001603201500000000            000000000000000                              000                           
0010001300043T 090810270000000001481 26533010000004578   700304A/02      1512201400000000001300000103285900304A                   0900000000000000000000000000000000000000000000000000000   000000000000000000000026509        170192653301     
0010001300044U 090000000000000000000000000000000000000000000000000000000000000000000000000000000000000000000000000000000000000000000000001603201500000000            000000000000000                              000                           
0010001300045T 090810270000000001481 26533010000004628   700305/02       1512201400000000001300000103285900305                    0900000000000000000000000000000000000000000000000000000   000000000000000000000026509        170192653301     
0010001300046U 090000000000000000000000000000000000000000000000000000000000000000000000000000000000000000000000000000000000000000000000001603201500000000            000000000000000                              000                           
0010001300047T 090810270000000001481 26533010000004827   700308/01       1512201400000000001300000103285900308                    0900000000000000000000000000000000000000000000000000000   000000000000000000000026509        170192653301     
0010001300048U 090000000000000000000000000000000000000000000000000000000000000000000000000000000000000000000000000000000000000000000000001603201500000000            000000000000000                              000                           
0010001300049T 090810270000000001481 26533010000004928   700310/02       1512201400000000001300000103285900310                    0900000000000000000000000000000000000000000000000000000   000000000000000000000026509        170192653301     
0010001300050U 090000000000000000000000000000000000000000000000000000000000000000000000000000000000000000000000000000000000000000000000001603201500000000            000000000000000                              000                           
0010001300051T 090810270000000001481 26533010000005078   700312/02       1512201400000000001300000103285900312                    0900000000000000000000000000000000000000000000000000000   000000000000000000000026509        170192653301     
0010001300052U 090000000000000000000000000000000000000000000000000000000000000000000000000000000000000000000000000000000000000000000000001603201500000000            000000000000000                              000                           
0010001300053T 090810270000000001481 26533010000005929   700328/02       1512201400000000002600000103285900328                    0900000000000000000000000000000000000000000000000000000   000000000000000000000026509        170192653301     
0010001300054U 090000000000000000000000000000000000000000000000000000000000000000000000000000000000000000000000000000000000000000000000001603201500000000            000000000000000                              000                           
0010001300055T 090810270000000001481 26533010000006179   700333/02       1512201400000000001300000103285900333                    0900000000000000000000000000000000000000000000000000000   000000000000000000000026509        170192653301     
0010001300056U 090000000000000000000000000000000000000000000000000000000000000000000000000000000000000000000000000000000000000000000000001603201500000000            000000000000000                              000                           
0010001300057T 090810270000000001481 26533010000006279   700335/02       1512201400000000001300000103285900335                    0900000000000000000000000000000000000000000000000000000   000000000000000000000026509        170192653301     
0010001300058U 090000000000000000000000000000000000000000000000000000000000000000000000000000000000000000000000000000000000000000000000001603201500000000            000000000000000                              000                           
0010001300059T 090810270000000001481 26533010000006328   700336/01       1512201400000000005200000103285900336                    0900000000000000000000000000000000000000000000000000000   000000000000000000000026509        170192653301     
0010001300060U 090000000000000000000000000000000000000000000000000000000000000000000000000000000000000000000000000000000000000000000000001603201500000000            000000000000000                              000                           
0010001300061T 090810270000000001481 26533010000006579   700342/02       1512201400000000001300000101122300342                    0900000000000000000000000000000000000000000000000000000   000000000000000000000026509        170192653301     
0010001300062U 090000000000000000000000000000000000000000000000000000000000000000000000000000000000000000000000000000000000000000000000001603201500000000            000000000000000                              000                           
0010001300063T 090810270000000001481 26533010000007228   700400/01       1512201400000000001300000101122300400                    0900000000000000000000000000000000000000000000000000000   000000000000000000000026509        170192653301     
0010001300064U 090000000000000000000000000000000000000000000000000000000000000000000000000000000000000000000000000000000000000000000000001603201500000000            000000000000000                              000                           
0010001300065T 090810270000000001481 26533010000007728   700410A/01      1512201400000000001300000101122300410A                   0900000000000000000000000000000000000000000000000000000   000000000000000000000026509        170192653301     
0010001300066U 090000000000000000000000000000000000000000000000000000000000000000000000000000000000000000000000000000000000000000000000001603201500000000            000000000000000                              000                           
0010001300067T 090810270000000001481 26533010000008028   700503/01       1512201400000000001300000103245X00503                    0900000000000000000000000000000000000000000000000000000   000000000000000000000026509        170192653301     
0010001300068U 090000000000000000000000000000000000000000000000000000000000000000000000000000000000000000000000000000000000000000000000001603201500000000            000000000000000                              000                           
0010001300069T 280810270000000001481 26533010000000254   700105/04       1501201500000000001300000100000000105                    0900000000000000000000000000000000000000000000000000000   000000000000000000000030502        170192653301     
0010001300070U 280000000000000000000000000000000000000000000000000000000000000000000000000000000000000000000000000000000000000000000000001603201500000000            000000000000000                              000                           
0010001300071T 280810270000000001481 26533010000000404   700107/04       1501201500000000002600000100000000107                    0900000000000000000000000000000000000000000000000000000   000000000000000000000030502        170192653301     
0010001300072U 280000000000000000000000000000000000000000000000000000000000000000000000000000000000000000000000000000000000000000000000001603201500000000            000000000000000                              000                           
0010001300073T 280810270000000001481 26533010000000554   700109/04       1501201500000000001300000100000000109                    0900000000000000000000000000000000000000000000000000000   000000000000000000000030502        170192653301     
0010001300074U 280000000000000000000000000000000000000000000000000000000000000000000000000000000000000000000000000000000000000000000000001603201500000000            000000000000000                              000                           
0010001300075T 280810270000000001481 26533010000000779   700113/04       15012015000000000026000001000000000113                   0900000000000000000000000000000000000000000000000000000   000000000000000000000030502        170192653301     
0010001300076U 280000000000000000000000000000000000000000000000000000000000000000000000000000000000000000000000000000000000000000000000001603201500000000            000000000000000                              000                           
0010001300077T 280810270000000001481 26533010000001180   700119/04       1501201500000000002600000100000000119                    0900000000000000000000000000000000000000000000000000000   000000000000000000000030502        170192653301     
0010001300078U 280000000000000000000000000000000000000000000000000000000000000000000000000000000000000000000000000000000000000000000000001603201500000000            000000000000000                              000                           
0010001300079T 280810270000000001481 26533010000001530   700206/04       1501201500000000002600000100000000206                    0900000000000000000000000000000000000000000000000000000   000000000000000000000030502        170192653301     
0010001300080U 280000000000000000000000000000000000000000000000000000000000000000000000000000000000000000000000000000000000000000000000001603201500000000            000000000000000                              000                           
0010001300081T 280810270000000001481 26533010000001830   700210/04       1501201500000000002600000100000000210                    0900000000000000000000000000000000000000000000000000000   000000000000000000000030502        170192653301     
0010001300082U 280000000000000000000000000000000000000000000000000000000000000000000000000000000000000000000000000000000000000000000000001603201500000000            000000000000000                              000                           
0010001300083T 280810270000000001481 26533010000001880   700115B/04      1501201500000000001300000100000000115B                   0900000000000000000000000000000000000000000000000000000   000000000000000000000030502        170192653301     
0010001300084U 280000000000000000000000000000000000000000000000000000000000000000000000000000000000000000000000000000000000000000000000001603201500000000            000000000000000                              000                           
0010001300085T 280810270000000001481 26533010000003080   700226/04       1501201500000000005200000100000000226                    0900000000000000000000000000000000000000000000000000000   000000000000000000000030502        170192653301     
0010001300086U 280000000000000000000000000000000000000000000000000000000000000000000000000000000000000000000000000000000000000000000000001603201500000000            000000000000000                              000                           
0010001300087T 280810270000000001481 26533010000003130   700226A/04      1501201500000000001300000100000000226A                   0900000000000000000000000000000000000000000000000000000   000000000000000000000030502        170192653301     
0010001300088U 280000000000000000000000000000000000000000000000000000000000000000000000000000000000000000000000000000000000000000000000001603201500000000            000000000000000                              000                           
0010001300089T 280810270000000001481 26533010000003380   700231/04       1501201500000000001300000100000000231                    0900000000000000000000000000000000000000000000000000000   000000000000000000000030502        170192653301     
0010001300090U 280000000000000000000000000000000000000000000000000000000000000000000000000000000000000000000000000000000000000000000000001603201500000000            000000000000000                              000                           
0010001300091T 280810270000000001481 26533010000003680   700237/04       1501201500000000001300000100000000237                    0900000000000000000000000000000000000000000000000000000   000000000000000000000030502        170192653301     
0010001300092U 280000000000000000000000000000000000000000000000000000000000000000000000000000000000000000000000000000000000000000000000001603201500000000            000000000000000                              000                           
0010001300093T 280810270000000001481 26533010000004080   700243/04       1501201500000000002600000100000000243                    0900000000000000000000000000000000000000000000000000000   000000000000000000000030502        170192653301     
0010001300094U 280000000000000000000000000000000000000000000000000000000000000000000000000000000000000000000000000000000000000000000000001603201500000000            000000000000000                              000                           
0010001300095T 280810270000000001481 26533010000004130   700244/04       1501201500000000001300000100000000244                    0900000000000000000000000000000000000000000000000000000   000000000000000000000030502        170192653301     
0010001300096U 280000000000000000000000000000000000000000000000000000000000000000000000000000000000000000000000000000000000000000000000001603201500000000            000000000000000                              000                           
0010001300097T 280810270000000001481 26533010000004479   700302/03       1501201500000000001300000100000000302                    0900000000000000000000000000000000000000000000000000000   000000000000000000000030502        170192653301     
0010001300098U 280000000000000000000000000000000000000000000000000000000000000000000000000000000000000000000000000000000000000000000000001603201500000000            000000000000000                              000                           
0010001300099T 280810270000000001481 26533010000004579   700304A/03      1501201500000000001300000100000000304A                   0900000000000000000000000000000000000000000000000000000   000000000000000000000030502        170192653301     
0010001300100U 280000000000000000000000000000000000000000000000000000000000000000000000000000000000000000000000000000000000000000000000001603201500000000            000000000000000                              000                           
0010001300101T 280810270000000001481 26533010000004629   700305/03       1501201500000000001300000100000000305                    0900000000000000000000000000000000000000000000000000000   000000000000000000000030502        170192653301     
0010001300102U 280000000000000000000000000000000000000000000000000000000000000000000000000000000000000000000000000000000000000000000000001603201500000000            000000000000000                              000                           
0010001300103T 280810270000000001481 26533010000004828   700308/02       1501201500000000001300000100000000308                    0900000000000000000000000000000000000000000000000000000   000000000000000000000030502        170192653301     
0010001300104U 280000000000000000000000000000000000000000000000000000000000000000000000000000000000000000000000000000000000000000000000001603201500000000            000000000000000                              000                           
0010001300105T 280810270000000001481 26533010000004929   700310/03       1501201500000000001300000100000000310                    0900000000000000000000000000000000000000000000000000000   000000000000000000000030502        170192653301     
0010001300106U 280000000000000000000000000000000000000000000000000000000000000000000000000000000000000000000000000000000000000000000000001603201500000000            000000000000000                              000                           
0010001300107T 280810270000000001481 26533010000005079   700312/03       1501201500000000001300000100000000312                    0900000000000000000000000000000000000000000000000000000   000000000000000000000030502        170192653301     
0010001300108U 280000000000000000000000000000000000000000000000000000000000000000000000000000000000000000000000000000000000000000000000001603201500000000            000000000000000                              000                           
0010001300109T 280810270000000001481 26533010000005829   700326/02       1501201500000000001300000100000000326                    0900000000000000000000000000000000000000000000000000000   000000000000000000000030502        170192653301     
0010001300110U 280000000000000000000000000000000000000000000000000000000000000000000000000000000000000000000000000000000000000000000000001603201500000000            000000000000000                              000                           
0010001300111T 280810270000000001481 26533010000005930   700328/03       1501201500000000002600000100000000328                    0900000000000000000000000000000000000000000000000000000   000000000000000000000030502        170192653301     
0010001300112U 280000000000000000000000000000000000000000000000000000000000000000000000000000000000000000000000000000000000000000000000001603201500000000            000000000000000                              000                           
0010001300113T 280810270000000001481 26533010000006280   700335/03       1501201500000000001300000100000000335                    0900000000000000000000000000000000000000000000000000000   000000000000000000000030502        170192653301     
0010001300114U 280000000000000000000000000000000000000000000000000000000000000000000000000000000000000000000000000000000000000000000000001603201500000000            000000000000000                              000                           
0010001300115T 280810270000000001481 26533010000006329   700336/02       1501201500000000005200000100000000336                    0900000000000000000000000000000000000000000000000000000   000000000000000000000030502        170192653301     
0010001300116U 280000000000000000000000000000000000000000000000000000000000000000000000000000000000000000000000000000000000000000000000001603201500000000            000000000000000                              000                           
0010001300117T 280810270000000001481 26533010000006580   700342/03       1501201500000000001300000100000000342                    0900000000000000000000000000000000000000000000000000000   000000000000000000000030502        170192653301     
0010001300118U 280000000000000000000000000000000000000000000000000000000000000000000000000000000000000000000000000000000000000000000000001603201500000000            000000000000000                              000                           
0010001300119T 280810270000000001481 26533010000007229   700400/02       1501201500000000001300000100000000400                    0900000000000000000000000000000000000000000000000000000   000000000000000000000030502        170192653301     
0010001300120U 280000000000000000000000000000000000000000000000000000000000000000000000000000000000000000000000000000000000000000000000001603201500000000            000000000000000                              000                           
0010001300121T 280810270000000001481 26533010000007729   700410A/02      1501201500000000001300000100000000410A                   0900000000000000000000000000000000000000000000000000000   000000000000000000000030502        170192653301     
0010001300122U 280000000000000000000000000000000000000000000000000000000000000000000000000000000000000000000000000000000000000000000000001603201500000000            000000000000000                              000                           
0010001300123T 280810270000000001481 26533010000008029   700503/02       1501201500000000001300000100000000503                    0900000000000000000000000000000000000000000000000000000   000000000000000000000030502        170192653301     
0010001300124U 280000000000000000000000000000000000000000000000000000000000000000000000000000000000000000000000000000000000000000000000001603201500000000            000000000000000                              000                           
0010001300125T 280810270000000001481 26533010000009028   700523/01       1501201500000000001300000100000000523                    0900000000000000000000000000000000000000000000000000000   000000000000000000000030502        170192653301     
0010001300126U 280000000000000000000000000000000000000000000000000000000000000000000000000000000000000000000000000000000000000000000000001603201500000000            000000000000000                              000                           
0010001300127T 280810270000000001481 26533010000009578   700708/01       1501201500000000001300000100000000708                    0900000000000000000000000000000000000000000000000000000   000000000000000000000030502        170192653301     
0010001300128U 280000000000000000000000000000000000000000000000000000000000000000000000000000000000000000000000000000000000000000000000001603201500000000            000000000000000                              000                           
00100015         000130000791000000000140158000000000000000000000000000000000000000000000000000000000000000000000000000000000000000000000000000000                                                                                              
00199999         000001000132000000                                                                                                                                                            00000000000000000000000000000                    
